
@Manual{,
  title = {LandR_Biomass},
  author = {{Authors}},
  organization = {Organization},
  address = {Somewhere, Someplace},
  year = {2016},
  url = {},
}
