
@Manual{,
  title = {fireSense_NWT_DataPrep},
  author = {{Authors}},
  organization = {Organization},
  address = {Somewhere, Someplace},
  year = {2019},
  url = {},
}
