@Manual{,
  title = "fireSense_dataPrep",
  author = "Tati Micheletti",
  organization = "UBC",
  address = "Somewhere, Someplace",
  year = "2020",
  url = "",
}
