
@Manual{,
  title = {fireSense_EscapePredict},
  author = {{Authors}},
  organization = {Organization},
  address = {Somewhere, Someplace},
  year = {2017},
  url = {},
}
